<record><leader>00000cas a2200000 a 4500</leader><controlfield tag="001">10846452</controlfield><controlfield tag="008">840615d18371843vtuwr ne      0    0eng d</controlfield><datafield ind1=" " ind2=" " tag="010"><subfield code="a">sn 84023240 </subfield></datafield><datafield ind1=" " ind2=" " tag="040"><subfield code="a">AQM</subfield><subfield code="b">eng</subfield><subfield code="c">AQM</subfield><subfield code="d">NPX</subfield><subfield code="d">NPU</subfield><subfield code="d">DLC</subfield><subfield code="d">NVN</subfield><subfield code="d">OCL</subfield><subfield code="d">NVN</subfield><subfield code="d">OCLCQ</subfield><subfield code="d">OCLCF</subfield><subfield code="d">OCLCO</subfield></datafield><datafield ind1="1" ind2=" " tag="029"><subfield code="a">AU@</subfield><subfield code="b">000020335294</subfield></datafield><datafield ind1=" " ind2=" " tag="042"><subfield code="a">msc</subfield></datafield><datafield ind1=" " ind2=" " tag="043"><subfield code="a">n-us-vt</subfield></datafield><datafield ind1="0" ind2="0" tag="050"><subfield code="a">Newspaper 9952-X</subfield></datafield><datafield ind1="0" ind2=" " tag="130"><subfield code="a">Franklin messenger (Saint Albans, Vt.)</subfield></datafield><datafield ind1="1" ind2="0" tag="245"><subfield code="a">Franklin messenger.</subfield></datafield><datafield ind1=" " ind2=" " tag="260"><subfield code="a">St. Albans, Vt. :</subfield><subfield code="b">E.B. Whiting</subfield></datafield><datafield ind1=" " ind2=" " tag="300"><subfield code="a">v. ;</subfield><subfield code="c">52 cm.</subfield></datafield><datafield ind1=" " ind2=" " tag="310"><subfield code="a">Weekly</subfield></datafield><datafield ind1="1" ind2=" " tag="362"><subfield code="a">Began Dec. 14, 1837; ceased in 1843.</subfield><subfield code="z">Cf. Gregory, W. Amer. newspapers.</subfield></datafield><datafield ind1=" " ind2=" " tag="500"><subfield code="a">Editor: E.B. Whiting.</subfield></datafield><datafield ind1=" " ind2=" " tag="588"><subfield code="a">Description based on: Vol. 1, no. 3 (Dec. 28, 1837).</subfield></datafield><datafield ind1=" " ind2="0" tag="651"><subfield code="a">Saint Albans (Vt.)</subfield><subfield code="v">Newspapers.</subfield></datafield><datafield ind1=" " ind2="0" tag="651"><subfield code="a">Vermont</subfield><subfield code="v">Newspapers.</subfield></datafield><datafield ind1=" " ind2="7" tag="655"><subfield code="a">Newspapers.</subfield><subfield code="2">fast</subfield><subfield code="0">(OCoLC)fst01423814</subfield></datafield><datafield ind1=" " ind2="7" tag="651"><subfield code="a">Vermont.</subfield><subfield code="2">fast</subfield><subfield code="0">(OCoLC)fst01204305</subfield></datafield><datafield ind1=" " ind2="7" tag="651"><subfield code="a">Vermont</subfield><subfield code="z">Saint Albans.</subfield><subfield code="2">fast</subfield><subfield code="0">(OCoLC)fst01222426</subfield></datafield><datafield ind1="1" ind2=" " tag="700"><subfield code="a">Whiting, Enoch Bangs,</subfield><subfield code="d">1816-1898.</subfield></datafield><datafield ind1=" " ind2=" " tag="752"><subfield code="a">United States</subfield><subfield code="b">Vermont</subfield><subfield code="c">Franklin</subfield><subfield code="d">Saint Albans.</subfield></datafield><datafield ind1="0" ind2="0" tag="780"><subfield code="t">Franklin journal (Swanton, Vt.)</subfield><subfield code="w">(DLC)sn 84023239</subfield><subfield code="w">(OCoLC)10818914</subfield></datafield><datafield ind1="0" ind2="0" tag="785"><subfield code="t">St. Albans messenger (Saint Albans, Vt. : 1843)</subfield><subfield code="w">(DLC)sn 84023241</subfield><subfield code="w">(OCoLC)10847035</subfield></datafield></record>